@IEEEtranBSTCTL{
	IEEEexample:BSTcontrol,
	CTLuse_url = "no",
}